@article{Greenspan,
	title = {Attenuation of Sound in Rarefied Helium},
	author = {Greenspan, Martin},
	journal = {Phys. Rev.},
	volume = {75},
	issue = {1},
	pages = {197--198},
	numpages = {0},
	year = {1949},
	month = {Jan},
	publisher = {American Physical Society},
	doi = {10.1103/PhysRev.75.197.2},
	url = {https://link.aps.org/doi/10.1103/PhysRev.75.197.2}
}
@article{MullenEtAll,
	title = {Sound Velocity in a Nematic Liquid Crystal},
	author = {Mullen, M. E. and L\"uthi, B. and Stephen, M. J.},
	journal = {Phys. Rev. Lett.},
	volume = {28},
	issue = {13},
	pages = {799--801},
	numpages = {0},
	year = {1972},
	month = {Mar},
	publisher = {American Physical Society},
	doi = {10.1103/PhysRevLett.28.799},
	url = {https://link.aps.org/doi/10.1103/PhysRevLett.28.799}
}
@Article{NollColeman,
	author={Coleman, Bernard D.
	and Noll, Walter},
	title={The thermodynamics of elastic materials with heat conduction and viscosity},
	journal={Archive for Rational Mechanics and Analysis},
	year={1963},
	month={Dec},
	day={01},
	volume={13},
	number={1},
	pages={167-178},
	issn={1432-0673},
	doi={10.1007/BF01262690},
	url={https://doi.org/10.1007/BF01262690}
}
@article{Curtiss,
	author = {Curtiss,C. F. },
	title = {Kinetic Theory of Nonspherical Molecules},
	journal = {The Journal of Chemical Physics},
	volume = {24},
	number = {2},
	pages = {225-241},
	year = {1956},
	doi = {10.1063/1.1742459},
	
	URL = { 
	https://doi.org/10.1063/1.1742459
	
	},
	eprint = { 
	https://doi.org/10.1063/1.1742459
	
	}	
}

